<collection xmlns="http://www.loc.gov/MARC21/slim">
<record>
  <leader>01415nam a2200361 a 4500</leader>
  <controlfield tag="001">3216932</controlfield>
  <controlfield tag="007">he amb---bbcp</controlfield>
  <controlfield tag="007">he bmb---baap</controlfield>
  <controlfield tag="008">850125s1899    xx      b     000 0 eng d</controlfield>
  <datafield tag="020" ind1=" " ind2=" ">
    <subfield code="a">0665288948</subfield>
  </datafield>
  <datafield tag="035" ind1=" " ind2=" ">
    <subfield code="a">ocm12009890</subfield>
  </datafield>
  <datafield tag="040" ind1=" " ind2=" ">
    <subfield code="a">CaOOCIHM</subfield>
    <subfield code="b">eng</subfield>
    <subfield code="d">AEU</subfield>
  </datafield>
  <datafield tag="043" ind1=" " ind2=" ">
    <subfield code="a">n-cn---</subfield>
  </datafield>
  <datafield tag="082" ind1="0" ind2=" ">
    <subfield code="a">366.10971</subfield>
    <subfield code="2">19</subfield>
  </datafield>
  <datafield tag="090" ind1=" " ind2=" ">
    <subfield code="a">FC 02 0203 no. 28894</subfield>
    <subfield code="b">AEU</subfield>
  </datafield>
  <datafield tag="100" ind1="1" ind2=" ">
    <subfield code="a">Robertson, J. Ross</subfield>
    <subfield code="q">(John Ross),</subfield>
    <subfield code="d">1841-1918</subfield>
  </datafield>
  <datafield tag="245" ind1="1" ind2="0">
    <subfield code="a">British America</subfield>
    <subfield code="h">[microform] :</subfield>
    <subfield code="b">outline history of the Grand Lodge of Canada, in the province of Ontario /</subfield>
    <subfield code="c">by J. Ross Robertson.</subfield>
  </datafield>
  <datafield tag="260" ind1=" " ind2=" ">
    <subfield code="a">[S.l. :</subfield>
    <subfield code="b">s.n.,</subfield>
    <subfield code="c">189-?]</subfield>
  </datafield>
  <datafield tag="300" ind1=" " ind2=" ">
    <subfield code="a">1 microfiche (11 fr.).</subfield>
  </datafield>
  <datafield tag="490" ind1="1" ind2=" ">
    <subfield code="a">CIHM/ICMH Microfiche series = CIHM/ICMH collection de microfiches ;</subfield>
    <subfield code="v">no. 28894</subfield>
  </datafield>
  <datafield tag="500" ind1=" " ind2=" ">
    <subfield code="a">Caption title.</subfield>
  </datafield>
  <datafield tag="500" ind1=" " ind2=" ">
    <subfield code="a">At head of title: Division IX.</subfield>
  </datafield>
  <datafield tag="533" ind1=" " ind2=" ">
    <subfield code="a">Filmed from a copy of the original publication held by the Metropolitan Toronto Library, Social Sciences Department.</subfield>
    <subfield code="b">Ottawa :</subfield>
    <subfield code="c">Canadian Institute for Historical Microreproductions,</subfield>
    <subfield code="d">1983.</subfield>
  </datafield>
  <datafield tag="534" ind1=" " ind2=" ">
    <subfield code="e">[15] p.</subfield>
  </datafield>
  <datafield tag="596" ind1=" " ind2=" ">
    <subfield code="a">43</subfield>
  </datafield>
  <datafield tag="610" ind1="2" ind2="0">
    <subfield code="a">Freemasons.</subfield>
    <subfield code="b">Grand Lodge (Canada).</subfield>
  </datafield>
  <datafield tag="610" ind1="2" ind2="0">
    <subfield code="a">Freemasons</subfield>
    <subfield code="x">History.</subfield>
  </datafield>
  <datafield tag="610" ind1="2" ind2="6">
    <subfield code="a">Francs-maçons.</subfield>
    <subfield code="b">Grand Lodge (Canada</subfield>
  </datafield>
<!-- No separator at end of field length=43 -->
  <datafield tag="610" ind1="." ind2="">
    <subfield code="6"></subfield>
    <subfield code="a">Francs-maçons</subfield>
    <subfield code="x">Histo</subfield>
  </datafield>
<!-- No separator at end of field length=30 -->
  <datafield tag="830" ind1="r" ind2="e">
    <subfield code=""></subfield>
  </datafield>
<!-- Separator but not at end of field length=45 -->
  <datafield tag="949" ind1="8" ind2="9">
    <subfield code=""></subfield>
  </datafield>
<!-- Separator but not at end of field length=22 -->
  <datafield tag="016" ind1="P" ind2="R">
    <subfield code=""></subfield>
  </datafield>
<!-- Separator but not at end of field length=15 -->
  <datafield tag="926" ind1="0" ind2="2">
    <subfield code=""></subfield>
  </datafield>
<!-- Separator but not at end of field length=58 -->
</record>
</collection>
